@article{MCDET,
    Author  = "E. Hofer and M. Kloos and B. Krzykacz-Hausmann and J. Peschke and M. Woltereck",
    Journal = "Reliability Engineering \& System Safety",
    Number  = "3",
    Pages   = "229--238",
    Title   = "An approximate epistemic uncertainty analysis approach in the presence of epistemic and aleatory uncertainties",
    Volume  = "77",
    Year    = "2002"
}

@article{DEVOOGHT_DynamicPRA,
	title   = "Probabilistic dynamics as a tool for dynamic {PSA}",
	journal = "Reliability Engineering \& System Safety",
	volume  = "52",
	number  = "3",
	pages   = "185 - 196",
	year    = "1996",
	author = "Jacques Devooght and Carol Smidts",
}

@article{BorgonovoApostolakis,
    Author  = "E. Borgonovo and G. Apostolakis",
    Journal = "Reliability Engineering \& System Safety",
    Number  = "2",
    Pages   = "193--212",
    Title   = "A new importance measure for risk-informed decision making",
    Volume  = "72",
    Year    = "2011"
}

@article{ADS,
    Author  = "K. S. Hsueh and A. Mosleh",
    Journal = "Reliability Engineering \& System Safety",
    Number  = "3",
    Pages   = "297--314",
    Title   = "The development and application of the accident dynamic simulator for dynamic probabilistic risk assessment of nuclear power plants",
    Volume  = "52",
    Year    = "1996"
}

@INPROCEEDINGS{ADAPT, 
	author    = {B. Rutt and U. Catalyurek and A. Hakobyan and K. Metzroth and T. Aldemir and R. Denning and S. Dunagan and D. Kunsman}, 
	booktitle = {2006 IEEE Challenges of Large Applications in Distributed Environments}, 
	title     = {Distributed dynamic event tree generation for reliability and risk assessment}, 
	year      = {2006}, 
	pages     ={61-70}, 
}

@techreport{maap,
  title         = "Modular Accident Analysis Program 5 (MAAP5) Applications Guidance: Desktop Reference for Using MAAP5 Software - Phase 2 Report",
  author        = "EPRI",
  year          = "2013",
  institution   = "Electric Power Reserach Institute, Palo Alto (CA)"
}

@techreport{NEI004,
  title         = "{10CFR50.69 SSC} Categorization Guideline",
  author        = "Nuclear Energy Institute",
  year          = "2005",
  institution   = "NEI, Washington (DC)"
}

@techreport{NRC50695,
  title         = "{10CFR50.69}, Risk-Informed Categorization and Treatment of Structures, Systems and Components for Nuclear Power Reactors",
  author        = "U. S. {NRC}",
  year          = "2004",
  institution   = "U.S. Nuclear Regulatory Commission, Washington {DC}"
}

@techreport{Nureg3385,
  title         = "NUREC/CR-3385: Measures of Risk Importance and their Applications",
  author        = "W. E. Vesely and T. C. Davis and R. S. Denning and N. Saltos",
  year          = "2005",
  institution   = "U.S. Nuclear Regulatory Commission, Washington {DC}"
}

@techreport{Nureg1150,
  title         = "NUREC/CR-1150: Severe Accident Risks: An Assessment For Five U.S. Nuclear Power Plants Final Summary Report",
  author        = "U. S. {NRC}",
  year          = "2005",
  institution   = "U.S. Nuclear Regulatory Commission, Washington {DC}"
}
./run   
@techreport{NUREG/CR-6753,
  title         = "NUREG/CR-6753: Review of Findings for Human Performance Contribution to Risk in Operating Events",
  author        = "D.I. Gertman and B.P. Halbert and M.W. Parrish and M.B. Sattison and D. Brownson and J.P. Tortorelli",
  year          = "2002",
  institution   = "U.S. Nuclear Regulatory Commission, Washington {DC}"
}

@book{Melcor,
    Author    = {R. O. Gauntt},
    Publisher = {Sandia National Laboratories, NUREG/CR-6119},
    Title     = {{MELCOR} Computer Code Manual, Version 1.8.5, Vol. 2, Rev. 2},
    year      = {2000}
}

@techreport{relap5,
  title         = "{RELAP5-3D} Code Manual",
  author        = "{RELAP5-3D} Code Development Team",
  year          = "2005",
  institution   = "Idaho National Laboratory Technical Report"
}

@INPROCEEDINGS{RAVEN_PSAM_2014,
  author    = "C. Rabiti and A. Alfonsi and J. Cogliati and D. Mandelli and R. Kinoshita",
  title     = "{RAVEN}, A New Software For Dynamic Risk Analysis",
  booktitle = "Proceedings of the Probabilistic Safety Assessment andnd Management ({PSAM}) 12",
  year      = "2014"
}

@INPROCEEDINGS{mandelliPSA2015,
  author    = "D. Mandelli and S. Prescott and C. Smith and A. Alfonsi and C. Rabiti and J. Cogliati and R. Kinoshita",
  title     = "Modeling of a Flooding Induced Station Blackout for a Pressurized Water Reactor Using the {RISMC} Toolkit",
  booktitle = "Proceedings of {PSA} 2015 International Topical Meeting On Probabilistic Safety Assessment And Analysis",
  year      = "2015",
}

@INPROCEEDINGS{flemingRiskImportance,
  author    = "K. Fleming",
  title     = "Developing useful insights and avoiding misleading conclusions from risk importance measures in {PSA} application",
  booktitle = "Proceedings of {PSA} 1996 International Topical Meeting On Probabilistic Safety Assessment And Analysis",
  year      = "1996",
}

@INPROCEEDINGS{boringHUNTER,
  author    = "R. Boring and D. Mandelli and M. Rasmussen and S. Herberger and T. Ulrich and K. Groth and C. Smith",
  title     = "Human Unimodel for Nuclear Technology to Enhance Reliability ({HUNTER}): A framework for computational-based human reliability analysis",
  booktitle = "Proceedings of 13th International Conference on Probabilistic Safety Assessment and Management (PSAM 13), Paper A-531",
  year      = "2016",
}

@techreport{NUREGCR1278,
  title         = "NUREG/CR-1278: Handbook of Human Reliability Analysis with Emphasis on Nuclear Power Plant Applications",
  author        = "A. D. Swain and H. E. Guttmann",
  year          = "1983",
  institution   = "U.S. Nuclear Regulatory Commission, Washington {DC}"
}

@techreport{hunterReport2016,
  title         = "Integration of Human Reliability Analysis Models into the Simulation-Based Framework for the Risk-Informed Safety Margin Characterization Toolkit",
  author        = "R. Boring and D. Mandelli and M. Rasmussen and S. Herberger and T. Ulrich and K. Groth and C. Smith",
  year          = "2016",
  institution   = "Idaho National Laboratory Technical Report: INL/EXT-16-39015"
}

@article{cojazziDylam,
	Author  = "G. Cojazzi",
	Journal = "Reliability Engineering and System Safety",
	Number  = "52",
	Pages   = "279--296",
	Title   = "The {DYLAM} approach for the dynamic reliability analysis of systems",
	Volume  = "52",
	Year    = "1996"
}

@INPROCEEDINGS{mandelliNewAlgo,
  author    = "D. Mandelli and C. Smith and C. Rabiti and A. Alfonsi and R. Youngblood and V. Pascucci and B.Wang and D. Maljovec and P.-T. Bremer and T. Aldemir and A. Yilmaz and D. Zamalieva",
  title     = "Dynamic {PRA}: An Overview Of New Algorithms To Generate, Analyze And Visualize Data",
  booktitle = "Proceedings of American Nuclear Society ({ANS}) Winter Meeting",
  year      = "2013",
}

@techreport{HRA_BoringReport2014,
  title         = "Simulation And Non-Simulation Based Human Reliability Analysis Approaches",
  author        = "R. L. Boring and R. B. Shirley and J. C. Joe and D. Mandelli and C. Smith",
  year          = "2014",
  institution   = "Idaho National Laboratory Technical Report: INL/EXT-14-33903"
}

@techreport{alfonsiEnsemble,
  title         = "Enhancements to the {RAVEN} code in {FY16}",
  author        = "A. Alfonsi and C. Rabiti and D. Maljovec and D. Mandelli and J. Cogliati",
  year          = "2016",
  institution   = "Idaho National Laboratory Technical Report: INL/EXT-16-40094 "
}

@techreport{RISMC,
  title         = "Risk Informed Safety Margins Characterization ({RISMC}) Pathway Technical Program Plan",
  author        = "C. Smith and C. Rabiti and R. Martineau",
  year          = "2011",
  institution   = "Idaho National Laboratory Technical Report: INL/EXT-11-22977"
}

@techreport{Fukushima,
  title         = "The Fukushima Daiichi Accident",
  author        = "International Atomic Energy Agency",
  year          = "2015",
  institution   = "International Atomic Energy Agency (IAEA) STI/PUB/1710"
}

@article{BWRanalysis,
  title   = "Analyzing Simulation-Based {PRA} Data Through Traditional And Topological Clustering: A {BWR} Station Blackout Case Study",
  journal = "Reliability Engineering \& System Safety",
  volume  = "145",
  number  = "1",
  pages   = "262--276",
  year    = "2015",
  author  = "D. Maljovec and S. Liu and B. Wang and D. Mandelli and P. T. Bremer and V. Pascucci and C. Smith"
}

@article{BWR_SBO_Mandelli,
  title   = "{BWR} Station Blackout: A {RISMC} Analysis Using {RAVEN} And {RELAP5-3D}",
  journal = "Nuclear Technology",
  volume  = "193",
  number  = "1",
  pages   = "161--174",
  year    = "2016",
  author  = "D. Mandelli and C. Smith and T. Riley and J. Nielsen and A. Alfonsi and J. Cogliati and C. Rabiti and J. Schroeder"
}

@article{ROM_Khalik,
  title   = "Reduced Order Modeling For Nonlinear Multi-Component Models",
  journal = "International Journal On Uncertainty Quantification",
  number  = "2-â€“4",
  pages   = "341--36",
  year    = "2012",
  author  = "H. S. Abdel-Khalik and Y. Bang and J. M. Hite and C. B. Kennedy and C. Wang"
}

@article{DynamicReliabilityMonteCarlo,
  title   = "A Concept Paper On Dynamic Reliability Via Monte Carlo Simulation",
  journal = "Mathematics And Computers In Simulation",
  volume  = "47",
  pages   = "371--382",
  year    = "1998",
  author  = "E. Zio and M. Marseguerra and J. Devooght and P. Labeau"
}

@inproceedings{ANS2014_adaptDET,
    Author    = {Andrea Alfonsi and Cristian Rabiti and Diego Mandelli and Joshua Cogliati and Robert Kinoshita},
    Booktitle = {Proceedings of American Nuclear Society (ANS), Anaheim (CA)},
    Title     = {Adaptive Dynamic Event Tree in {RAVEN} code},
    Year      = {2014}
}

@inproceedings{PSA2013_Raven,
    Author    = {Andrea Alfonsi and Cristian Rabiti and Diego Mandelli and Joshua Cogliati and Robert Kinoshita and Andrea Naviglio},
    Booktitle = {Proceedings of PSA 2013 International Topical Meeting on Probabilistic Safety Assessment and Analysis Columbia, SC, on CD-ROM, American Nuclear Society, LaGrange Park, IL},
    Title     = {Dynamic Event Tree Analysis Through {RAVEN}},
    Year      = {2013}
}

@inproceedings{ANS_S_2014_raven_LS,
    Author    = {Cristian Rabiti and Diego Mandelli and Andrea Alfonsi and Joshua Cogliati and Robert Kinoshita},
    Booktitle = {Proceedings of American Nuclear Society (ANS), Reno (NV)},
    Title     = {Introduction of Supervised Learning Capabilities of the {RAVEN} Code for Limit Surface Analysis},
    Year      = {2014}
}

@inproceedings{mandelliSVMANS,
    Author    = {D. Mandelli and C. Smith},
    Booktitle = {Proceeding of American Nuclear Society (ANS), San Diego (CA)},
    Pages     = {736-738},
    Title     = {Adaptive Sampling Using Support Vector Machines},
    Volume    = {107},
    Year      = {2012}
}

@inproceedings{AMENDOLAdylam,
    Author    = {A. Amendola and G. Reina},
    Booktitle = {EUR-924, CEC-JRC. ISPRA: Commission of the European Communities},
    Title     = {{DYLAM-1}, a software package for event sequence and consequence spectrum methodology},
    Year      = {1984}
}

@article{LHShelton,
    Author    = {J. C. Helton and F. J. Davis},
    Journal   = {Reliability Engineering \& System Safety},
    Number    = {1},
    Priority  = {4},
    Title     = {Latin hypercube sampling and the propagation of uncertainty in analyses of complex systems},
    Volume    = {81},
    Year      = {2003}
}

@inproceedings{alfonsiEsrel2014,
    Author    = {Andrea Alfonsi and Cristian Rabiti and Diego Mandelli and Joshua Cogliati and Robert Kinoshita and Antonio Naviglio},
    Booktitle = {Proceedings of European Safety and Reliability Conference ({ESREL} 2014), Wroklaw (Poland)},
    Title     = {{RAVEN} and Dynamic Probabilistic Risk Assessment: Software Overview},
    Year      = {2014}
}

@inproceedings{PRA_comparison_PSA2015,
    Author    = {Diego Mandelli and Zhegang Ma and Curtis Smith},
    Booktitle = {Proceedings of PSA 2015 International Topical Meeting on Probabilistic Safety Assessment and Analysis Columbia, SC, on CD-ROM, American Nuclear Society, LaGrange Park, IL},
    Title     = {Dynamic and Classical {PRA}: a {BWR} {SBO} Case Comparison},
    Year      = {2015}
}

@techreport{NUREGCR6823,
  title         = "NUREG/CR-6823: Handbook of Parameter Estimation for Probabilistic Risk Assessment",
  author        = "C. Atwood and J. LaChance and H. Martz and D. Anderson and M. Englehardte and D. Whitehead and T. Wheeler",
  year          = "2003",
  institution   = "U.S. Nuclear Regulatory Commission, Washington {DC}"
}
