@techreport{Nureg1150,
  title         = "NUREC/CR-1150: Severe Accident Risks: An Assessment For Five U.S. Nuclear Power Plants Final Summary Report",
  author        = "U. S. {NRC}",
  year          = "2005",
  institution   = "U.S. Nuclear Regulatory Commission, Washington {DC}"
}
