
@book{Jolliffe2005,
	Author = {Jolliffe, Ian},
	Publisher = {Wiley Online Library},
	Title = {Principal component analysis},
	Year = {2005}
}