
@techreport{Nureg1150,
  title         = "Severe Accident Risks: An Assessment For Five U.S. Nuclear Power Plants Final Summary Report",
  author        = "U. S. {NRC}",
  year          = "2005",
  institution   = "U.S. Nuclear Regulatory Commission, Washington {DC}"
}

@techreport{relap5,
  title         = "{RELAP5-3D} Code Manual",
  author        = "{RELAP5-3D} Code Development Team",
  year          = "2005",
  institution   = "Idaho National Laboratory Technical Report"
}

@INPROCEEDINGS{RAVEN_PSAM_2014,
  author    = "C. Rabiti and A. Alfonsi and J. Cogliati and D. Mandelli and R. Kinoshita",
  title     = "{RAVEN}, A New Software For Dynamic Risk Analysis",
  booktitle = "Proceedings of the Probabilistic Safety Assessment andnd Management ({PSAM}) 12",
  year      = "2014",
}

@INPROCEEDINGS{mandelliPSA2015,
  author    = "D. Mandelli and S. Prescott and C. Smith and A. Alfonsi and C. Rabiti and J. Cogliati and R. Kinoshita",
  title     = "Modeling of a Flooding Induced Station Blackout for a Pressurized Water Reactor Using the {RISMC} Toolkit",
  booktitle = "{ANS} {PSA} 2015 International Topical Meeting On Probabilistic Safety Assessment And Analysis",
  year      = "2015",
}

@INPROCEEDINGS{mandelliNewAlgo,
  author    = "D. Mandelli and C. Smith and C. Rabiti and A. Alfonsi and R. Youngblood and V. Pascucci and B.Wang and D. Maljovec and P.-T. Bremer and T. Aldemir and A. Yilmaz and D. Zamalieva",
  title     = "Dynamic {PRA}: An Overview Of New Algorithms To Generate, Analyze And Visualize Data",
  booktitle = "Proceeding Of American Nuclear Society ({ANS})",
  year      = "2013",
}

@techreport{HRA_BoringReport2014,
  title         = "Simulation And Non-Simulation Based Human Reliability Analysis Approaches",
  author        = "R. L. Boring and R. Benish S. and J. C. Joe and D. Mandelli and C. Smith",
  year          = "2014",
  institution   = "Idaho National Laboratory Technical Report: Inl/Ext-14-33903"
}

@techreport{RISMC,
  title         = "Risk Informed Safety Margins Characterization ({RISMC}) Pathway Technical Program Plan",
  author        = "C. Smith and C. Rabiti and R. Martineau",
  year          = "2011",
  institution   = "Idaho National Laboratory Technical Report: Inl/Ext-11-22977"
}

@article{BWRanalysis,
  title   = "Analyzing Simulation-Based {PRA} Data Through Traditional And Topological Clustering: A {BWR} Station Blackout Case Study",
  journal = "Reliability Engineering \& System Safety",
  volume  = "145",
  number  = "1",
  pages   = "262--276",
  year    = "2015",
  author  = "D. Maljovec and S. Liu and B. Wang and D. Mandelli and P. T. Bremer and V. Pascucci and C. Smith"
}

@article{BWR_SBO_Mandelli,
  title   = "{BWR} Station Blackout: A Rismc Analysis Using Raven And {RELAP5-3D}",
  journal = "Nuclear Technology",
  volume  = "193",
  number  = "1",
  pages   = "161--174",
  year    = "2016",
  author  = "D. Mandelli and C. Smith and T. Riley and J. Nielsen and A. Alfonsi and J. Cogliati and C. Rabiti and J. Schroeder"
}

@article{MultiUnitKumara,
  title   = "Integrated Risk Assessment For Multi-Unit Npp Sites-A Comparison",
  journal = "Nuclear Engineering And Design",
  volume  = "293",
  pages   = "53–-62",
  year    = "2015",
  author  = "C. Senthil Kumara and Varun Hassija and K. Velusamy and V. Balasubramaniyan"
}

@article{MultiUnitModarres,
  title   = "Advances In Multi-Unit Nuclear Power Plant Probabilistic Risk Assessment",
  journal = "Reliability Engineering \& System Safety",
  volume  = "157",
  pages   = "87–-100",
  year    = "2017",
  author  = "M. Modarres and T. Zhou and M. Massoud"
}

@article{MultiUnitZhang,
  title   = "An Integrated Modeling Approach For Event Sequence Development In Multi-Unit Probabilistic Risk Assessment",
  journal = "Reliability Engineering \& System Safety",
  volume  = "155",
  number  = "-–",
  pages   = "147–-159",
  year    = "2016",
  author  = "S. Zhang and J. Tong and J. Zhao"
}

@article{ROM_Khalik,
  title   = "Reduced Order Modeling For Nonlinear Multi-Component Models",
  journal = "International Journal On Uncertainty Quantification",
  number  = "2-–4",
  pages   = "341--36",
  year    = "2012",
  author  = "H. S. Abdel-Khalik and Y. Bang and J. M. Hite and C. B. Kennedy and C. Wang"
}

@article{DynamicReliabilityMonteCarlo,
  title   = "A Concept Paper On Dynamic Reliability Via Monte Carlo Simulation",
  journal = "Mathematics And Computers In Simulation",
  volume  = "47",
  pages   = "371--382",
  year    = "1998",
  author  = "E. Zio and M. Marseguerra and J. Devooght and P. Labeau"
}

@article{test,
  title   = "",
  journal = "",
  volume  = "",
  number  = "-–",
  pages   = "",
  year    = "",
  author  = ""
}

@BOOK{test,
  title     = "",
  publisher = "",
  year      = "",
  author    = ""
}

@INPROCEEDINGS{test,
  author = "",
  title = "",
  booktitle = "",
  year = "",
  pages = "",
  publisher = ""
}