
@techreport{RAVEN,
	Author = {C. Rabiti and A. Alfonsi and J. Cogliati and D. Mandelli and R. Kinoshita and S. Sen and C. Wang and J. Chen},
	Publisher = {Idaho National laboratory (INL)},
	Number = {INL/EXT-15-34123},
	Source = {https://raven.inl.gov},
	Title = {RAVEN user manual},
	Year = {March 2017}}
@techreport{RAVENtheoryMan,
	Author = {A. Alfonsi and C. Rabiti and  D. Mandelli and J. Cogliati and C. Wang and P. W. Talbot and D. P. Maljovec and C. Smith},
	Title = {RAVEN Theory Manual and User Guide},
	Publisher = {Idaho National Laboratory (INL)},
	Number = {INL/EXT-16-38178},
	Year = {2017}
}
